@article{frontqu,
	title={Pattern based feature construction in semantic data mining},
	author={{\L}awrynowicz, Agnieszka and Potoniec, J{\k{e}}drzej},
	journal={Int. J. on Sem. Web and Information Systems (IJSWIS)},
	volume={10},
	number={1},
	pages={27--65},
	year={2014},
	publisher={IGI Global}
}
@inproceedings{rmonto,
	title={{RMonto: Ontological extension to RapidMiner}},
	author={Jedrzej Potoniec and Agnieszka {\L}awrynowicz},
	booktitle={Poster and Demo Session of the 10th Int. Semantic Web Conf.},
	year={2011}
}
@inproceedings{rapidminer,
	title={Yale: Rapid prototyping for complex data mining tasks},
	author={Mierswa, Ingo and Wurst, Michael and Klinkenberg, Ralf and Scholz, Martin and Euler, Timm},
	booktitle={Proc. of the 12th ACM SIGKDD int. conf. on Knowledge discovery and data mining},
	pages={935--940},
	year={2006},
}
@misc{album_ratings,
	title={Template:Album ratings},
	author={Wikipedia},
	url="https://en.wikipedia.org/w/index.php?title=Template:Album_ratings&oldid=670493671",
	note="[Online; accessed 2016-03-07]"
}
@article{musicbrainz,
	title={Musicbrainz: A semantic web service},
	author={Swartz, Aaron},
	journal={Intelligent Systems, IEEE},
	volume={17},
	number={1},
	pages={76--77},
	year={2002},
	publisher={IEEE}
}
@inproceedings{yago,
	title={Yago: a core of semantic knowledge},
	author={Suchanek, Fabian M and Kasneci, Gjergji and Weikum, Gerhard},
	booktitle={Proc. of the 16th int. conf. on World Wide Web},
	pages={697--706},
	year={2007},
	organization={ACM}
}
@article{logistic_regression,
	title={The regression analysis of binary sequences},
	author={Cox, David R},
	journal={Journal of the Royal Statistical Society. Series B (Methodological)},
	pages={215--242},
	year={1958},
	publisher={JSTOR}
}
@incollection{lodlaudromat,
	title={LOD laundromat: a uniform way of publishing other peopleâ€™s dirty data},
	author={Beek, Wouter and Rietveld, Laurens and Bazoobandi, Hamid R and Wielemaker, Jan and Schlobach, Stefan},
	booktitle={The Semantic Web--ISWC 2014},
	pages={213--228},
	year={2014},
	publisher={Springer}
}
